<record><leader>00000cas a2200000 a 4500</leader><controlfield tag="001">8582178</controlfield><controlfield tag="008">820708d19601992fludn ne      0   a0eng c</controlfield><controlfield tag="009">467</controlfield><datafield ind1=" " ind2=" " tag="010"><subfield code="a">sn 82005116 </subfield></datafield><datafield ind1=" " ind2=" " tag="040"><subfield code="a">NSD</subfield><subfield code="b">eng</subfield><subfield code="c">NSD</subfield><subfield code="d">FUG</subfield><subfield code="d">OCLCQ</subfield><subfield code="d">OCLCF</subfield><subfield code="d">OCLCO</subfield></datafield><datafield ind1=" " ind2=" " tag="012"><subfield code="i">9602</subfield><subfield code="j">0</subfield><subfield code="m">X</subfield></datafield><datafield ind1="1" ind2=" " tag="022"><subfield code="a">0744-8147</subfield><subfield code="l">0744-8147</subfield><subfield code="2">1</subfield></datafield><datafield ind1="1" ind2=" " tag="029"><subfield code="a">AU@</subfield><subfield code="b">000025788591</subfield></datafield><datafield ind1=" " ind2=" " tag="032"><subfield code="a">205840</subfield><subfield code="b">USPS</subfield></datafield><datafield ind1=" " ind2=" " tag="042"><subfield code="a">nsdp</subfield><subfield code="a">pcc</subfield></datafield><datafield ind1=" " ind2=" " tag="043"><subfield code="a">n-us-fl</subfield></datafield><datafield ind1=" " ind2="0" tag="222"><subfield code="a">Fort Lauderdale news</subfield></datafield><datafield ind1="0" ind2="0" tag="245"><subfield code="a">Fort Lauderdale news.</subfield></datafield><datafield ind1="1" ind2=" " tag="246"><subfield code="i">Issued occasionaly on Saturday from &lt;1974-1975&gt; and on Sunday 1960-1974 as:</subfield><subfield code="a">Fort Lauderdale news and sun-sentinel</subfield></datafield><datafield ind1="1" ind2=" " tag="246"><subfield code="i">Issued on Saturday during &lt;1963&gt;-and occasionally on Sunday from 1974-&lt;1975&gt; as:</subfield><subfield code="a">Sun-sentinel and Fort Lauderdale news</subfield></datafield><datafield ind1="1" ind2=" " tag="246"><subfield code="i">Issued on Saturday and Sunday from &lt;1980-1982&gt; as:</subfield><subfield code="a">Fort Lauderdale news/sun-sentinel</subfield></datafield><datafield ind1="1" ind2=" " tag="246"><subfield code="i">Issued on Saturday and Sunday from &lt;1984&gt;-1988 as:</subfield><subfield code="a">News/sun-sentinel</subfield></datafield><datafield ind1=" " ind2=" " tag="260"><subfield code="a">Fort Lauderdale, Fla. :</subfield><subfield code="b">The Gore Pub. Co.,</subfield><subfield code="c">1960-1992.</subfield></datafield><datafield ind1=" " ind2=" " tag="300"><subfield code="a">v.</subfield></datafield><datafield ind1=" " ind2=" " tag="310"><subfield code="a">Daily (Monday through Friday),</subfield><subfield code="b">1988-1992</subfield></datafield><datafield ind1=" " ind2=" " tag="321"><subfield code="a">Daily,</subfield><subfield code="b">1960-1988</subfield></datafield><datafield ind1="0" ind2=" " tag="362"><subfield code="a">50th year (Apr. 19, 1960)- ; -v. 80, no. 97 (Mar. 27, 1992).</subfield></datafield><datafield ind1=" " ind2=" " tag="500"><subfield code="a">J.W. Gore, publisher.</subfield></datafield><datafield ind1=" " ind2=" " tag="500"><subfield code="a">Published in multiple editions.</subfield></datafield><datafield ind1=" " ind2="0" tag="651"><subfield code="a">Fort Lauderdale (Fla.)</subfield><subfield code="v">Newspapers.</subfield></datafield><datafield ind1=" " ind2="0" tag="651"><subfield code="a">Broward County (Fla.)</subfield><subfield code="v">Newspapers.</subfield></datafield><datafield ind1=" " ind2="7" tag="655"><subfield code="a">Newspapers.</subfield><subfield code="2">fast</subfield><subfield code="0">(OCoLC)fst01423814</subfield></datafield><datafield ind1=" " ind2="7" tag="651"><subfield code="a">Florida</subfield><subfield code="z">Broward County.</subfield><subfield code="2">fast</subfield><subfield code="0">(OCoLC)fst01202766</subfield></datafield><datafield ind1=" " ind2="7" tag="651"><subfield code="a">Florida</subfield><subfield code="z">Fort Lauderdale.</subfield><subfield code="2">fast</subfield><subfield code="0">(OCoLC)fst01206921</subfield></datafield><datafield ind1=" " ind2=" " tag="752"><subfield code="a">United States</subfield><subfield code="b">Florida</subfield><subfield code="c">Broward</subfield><subfield code="d">Fort Lauderdale.</subfield></datafield><datafield ind1="0" ind2="0" tag="780"><subfield code="t">Fort Lauderdale news and sentinel</subfield><subfield code="w">(DLC)sn 96027161</subfield><subfield code="w">(OCoLC)34199921</subfield></datafield><datafield ind1=" " ind2=" " tag="850"><subfield code="a">FU</subfield></datafield></record>